
@book{galbraithMathematicsPublicKey2018,
  title = {Mathematics of {{Public Key Cryptography}}. {{Version}} 2.0},
  author = {Galbraith, Steven D.},
  year = {2018},
  file = {C\:\\Users\\jonco\\Zotero\\storage\\383U5XEA\\main.pdf}
}

@book{katzIntroductionModernCryptography,
  title = {Introduction to {{Modern Cryptography}}},
  author = {Katz, Jonathan and Lindell, Yehuda},
  file = {C\:\\Users\\jonco\\Zotero\\storage\\7XM5ZAZM\\Katz and Lindell - Introduction to Modern Cryptography.pdf},
  language = {en}
}

@misc{regeringskanslietLagenOmHemlig2020,
  title = {{Lagen om hemlig dataavl\"asning tr\"ader i kraft}},
  author = {och Regeringskansliet, Regeringen},
  year = {2020},
  month = apr,
  publisher = {{Regeringen och Regeringskansliet}},
  abstract = {I dag, den 1 april 2020, tr\"ader lagen om hemlig dataavl\"asning i kraft. Den nya lagen \"ar ett viktigt verktyg f\"or brottsbek\"ampningen och en del av...},
  file = {C\:\\Users\\jonco\\Zotero\\storage\\NH6FZT2R\\lagen-om-hemlig-dataavlasning-trader-i-kraft.html},
  howpublished = {https://www.regeringen.se/pressmeddelanden/2020/04/lagen-om-hemlig-dataavlasning-trader-i-kraft/},
  journal = {Regeringskansliet},
  language = {sv},
  type = {{Text}}
}

@article{regeringskanslietLagenOmHemlig2020,
  title = {{Lagen om hemlig dataavl\"asning tr\"ader i kraft}},
  author = {{och Regeringskansliet}, Regeringen},
  year = {2020},
  month = apr,
  publisher = {{Regeringen och Regeringskansliet}},
  abstract = {I dag, den 1 april 2020, tr\"ader lagen om hemlig dataavl\"asning i kraft. Den nya lagen \"ar ett viktigt verktyg f\"or brottsbek\"ampningen och en del av...},
  file = {C\:\\Users\\jonco\\Zotero\\storage\\N63SDY6P\\lagen-om-hemlig-dataavlasning-trader-i-kraft.html},
  journal = {Regeringskansliet},
  language = {sv},
  type = {{Text}}
}

@misc{riksdagsforvaltningenLag202062,
  title = {{Lag (2020:62) om hemlig dataavl\"asning Svensk f\"orfattningssamling 2020:2020:62 - Riksdagen}},
  shorttitle = {{Lag (2020}},
  author = {Riksdagsf{\"o}rvaltningen},
  abstract = {Riksdagen \"ar den h\"ogsta beslutande f\"orsamlingen i Sverige. Till riksdagens uppgifter h\"or att besluta om lagar och om statsbudgeten.},
  file = {C\:\\Users\\jonco\\Zotero\\storage\\9A33R794\\lag-202062-om-hemlig-dataavlasning_sfs-2020-62.html},
  howpublished = {https://www.riksdagen.se/sv/dokument-lagar/dokument/svensk-forfattningssamling/lag-202062-om-hemlig-dataavlasning\_sfs-2020-62},
  language = {sv},
  note = {Last Modified: 2014-12-12 15:00:54}
}

@misc{riksdagsforvaltningenLag202062a,
  title = {{Lag (2020:62) om hemlig dataavl\"asning Svensk f\"orfattningssamling 2020:2020:62 - Riksdagen}},
  shorttitle = {{Lag (2020}},
  author = {Riksdagsf{\"o}rvaltningen},
  abstract = {Riksdagen \"ar den h\"ogsta beslutande f\"orsamlingen i Sverige. Till riksdagens uppgifter h\"or att besluta om lagar och om statsbudgeten.},
  file = {C\:\\Users\\jonco\\Zotero\\storage\\K8YZQBBR\\lag-202062-om-hemlig-dataavlasning_sfs-2020-62.html},
  howpublished = {https://www.riksdagen.se/sv/dokument-lagar/dokument/svensk-forfattningssamling/lag-202062-om-hemlig-dataavlasning\_sfs-2020-62},
  language = {sv},
  note = {Last Modified: 2014-12-12 15:00:54}
}

@book{stinsonCryptographyTheoryPractice2006,
  title = {Cryptography. {{Theory}} and {{Practice}} (3ed)},
  author = {Stinson, Douglas R.},
  year = {2006},
  edition = {Third},
  publisher = {{Chapman \& Hall/CRC}},
  file = {C\:\\Users\\jonco\\Zotero\\storage\\6ZEV5G9C\\CryptographyTheoryandpractice(3ed).pdf},
  isbn = {978-1-58488-508-5}
}

@article{wikipediacontributorsVandermondeMatrix2020,
  title = {Vandermonde Matrix},
  author = {Wikipedia Contributors},
  year = {2020},
  month = may,
  abstract = {In linear algebra, a Vandermonde matrix, named after Alexandre-Th\'eophile Vandermonde, is a matrix with the terms of a geometric progression in each row, i.e., an m \texttimes{} n matrix

  
    
      
        V
        =
        
          
            [
            
              
                
                  1
                
                
                  
                    {$\alpha$}
                    
                      1
                    
                  
                
                
                  
                    {$\alpha$}
                    
                      1
                    
                    
                      2
                    
                  
                
                
                  \ldots{}
                
                
                  
                    {$\alpha$}
                    
                      1
                    
                    
                      n
                      -
                      1
                    
                  
                
              
              
                
                  1
                
                
                  
                    {$\alpha$}
                    
                      2
                    
                  
                
                
                  
                    {$\alpha$}
                    
                      2
                    
                    
                      2
                    
                  
                
                
                  \ldots{}
                
                
                  
                    {$\alpha$}
                    
                      2
                    
                    
                      n
                      -
                      1
                    
                  
                
              
              
                
                  1
                
                
                  
                    {$\alpha$}
                    
                      3
                    
                  
                
                
                  
                    {$\alpha$}
                    
                      3
                    
                    
                      2
                    
                  
                
                
                  \ldots{}
                
                
                  
                    {$\alpha$}
                    
                      3
                    
                    
                      n
                      -
                      1
                    
                  
                
              
              
                
                  {$\vdots$}
                
                
                  {$\vdots$}
                
                
                  {$\vdots$}
                
                
                  {$\downslopeellipsis$}
                
                
                  {$\vdots$}
                
              
              
                
                  1
                
                
                  
                    {$\alpha$}
                    
                      m
                    
                  
                
                
                  
                    {$\alpha$}
                    
                      m
                    
                    
                      2
                    
                  
                
                
                  \ldots{}
                
                
                  
                    {$\alpha$}
                    
                      m
                    
                    
                      n
                      -
                      1
                    
                  
                
              
            
            ]
          
        
        ,
      
    
    \{\textbackslash{}displaystyle V=\{\textbackslash{}begin\{bmatrix\}1\&\textbackslash{}alpha \_\{1\}\&\textbackslash{}alpha \_\{1\}\^\{2\}\&\textbackslash{}dots \&\textbackslash{}alpha \_\{1\}\^\{n-1\}\textbackslash\textbackslash{}1\&\textbackslash{}alpha \_\{2\}\&\textbackslash{}alpha \_\{2\}\^\{2\}\&\textbackslash{}dots \&\textbackslash{}alpha \_\{2\}\^\{n-1\}\textbackslash\textbackslash{}1\&\textbackslash{}alpha \_\{3\}\&\textbackslash{}alpha \_\{3\}\^\{2\}\&\textbackslash{}dots \&\textbackslash{}alpha \_\{3\}\^\{n-1\}\textbackslash\textbackslash\textbackslash{}vdots \&\textbackslash{}vdots \&\textbackslash{}vdots \&\textbackslash{}ddots \&\textbackslash{}vdots \textbackslash\textbackslash{}1\&\textbackslash{}alpha \_\{m\}\&\textbackslash{}alpha \_\{m\}\^\{2\}\&\textbackslash{}dots \&\textbackslash{}alpha \_\{m\}\^\{n-1\}\textbackslash{}end\{bmatrix\}\},\}
  or

  
    
      
        
          V
          
            i
            ,
            j
          
        
        =
        
          {$\alpha$}
          
            i
          
          
            j
            -
            1
          
        
        
      
    
    \{\textbackslash{}displaystyle V\_\{i,j\}=\textbackslash{}alpha \_\{i\}\^\{j-1\}\textbackslash,\}
  for all indices i and j. The identical term Vandermonde matrix was used for the transpose of the above matrix by Macon and Spitzbart (1958). The Vandermonde matrix used for the Discrete Fourier Transform matrix satisfies both definitions. 
The determinant of a square Vandermonde matrix (where m = n) can be expressed as

  
    
      
        det
        (
        V
        )
        =
        
          {$\prod$}
          
            1
            {$\leq$}
            i
            {$<$}
            j
            {$\leq$}
            n
          
        
        (
        
          {$\alpha$}
          
            j
          
        
        -
        
          {$\alpha$}
          
            i
          
        
        )
        .
      
    
    \{\textbackslash{}displaystyle \textbackslash{}det(V)=\textbackslash{}prod \_\{1\textbackslash{}leq i{$<$}j\textbackslash{}leq n\}(\textbackslash{}alpha \_\{j\}-\textbackslash{}alpha \_\{i\}).\}
  This is called the Vandermonde determinant or Vandermonde polynomial. If all the numbers 
  
    
      
        
          {$\alpha$}
          
            i
          
        
      
    
    \{\textbackslash{}displaystyle \textbackslash{}alpha \_\{i\}\}
   are distinct, then it is non-zero.
The Vandermonde determinant was sometimes called the discriminant, although, presently, the discriminant is the square of the Vandermonde determinant. The Vandermonde determinant is an alternating form in the 
  
    
      
        
          {$\alpha$}
          
            i
          
        
      
    
    \{\textbackslash{}displaystyle \textbackslash{}alpha \_\{i\}\}
  , meaning that exchanging two 
  
    
      
        
          {$\alpha$}
          
            i
          
        
      
    
    \{\textbackslash{}displaystyle \textbackslash{}alpha \_\{i\}\}
   changes the sign, while permuting the 
  
    
      
        
          {$\alpha$}
          
            i
          
        
      
    
    \{\textbackslash{}displaystyle \textbackslash{}alpha \_\{i\}\}
   by an even permutation does not change the value of the determinant. It thus depends on the choice of an order on the 
  
    
      
        
          {$\alpha$}
          
            i
          
        
      
    
    \{\textbackslash{}displaystyle \textbackslash{}alpha \_\{i\}\}
  , while its square, the discriminant, does not depend on any order, and this implies, by Galois theory, that the discriminant is a polynomial function of the coefficients of the polynomial that has the 
  
    
      
        
          {$\alpha$}
          
            i
          
        
      
    
    \{\textbackslash{}displaystyle \textbackslash{}alpha \_\{i\}\}
   as roots.},
  copyright = {Creative Commons Attribution-ShareAlike License},
  file = {C\:\\Users\\jonco\\Zotero\\storage\\P5LDG93I\\index.html},
  journal = {Wikipedia},
  language = {en},
  note = {Page Version ID: 955443001}
}


